@incollection{brown2012apple,
  title={Apple},
  author={Brown, Susan},
  booktitle={Fruit breeding},
  pages={329--367},
  year={2012},
  publisher={Springer}
}

@incollection{seymour1993banana,
  title={Banana},
  author={Seymour, GB},
  booktitle={Biochemistry of fruit ripening},
  pages={83--106},
  year={1993},
  publisher={Springer}
}

@book{sybesma2013mandarin,
  title={The mandarin VP},
  author={Sybesma, Rint},
  volume={44},
  year={2013},
  publisher={Springer Science \& Business Media}
}

@article{bailey1998grapefruit,
  title={Grapefruit juice--drug interactions},
  author={Bailey, David G and Malcolm, J and Arnold, O and Spence, J David},
  journal={British journal of clinical pharmacology},
  volume={46},
  number={2},
  pages={101--110},
  year={1998},
  publisher={Wiley Online Library}
}

@article{mirta1997mango,
  title={Mango},
  author={Mirta, S and Baldwin, Elizabeth},
  journal={Book Chapter},
  year={1997}
}

@article{zibadi2004passion,
  title={Passion fruit (Passiflora edulis)},
  author={Zibadi, Sherma and Watson, Ronald R},
  journal={Evidence-Based Integrative Medicine},
  volume={1},
  number={3},
  pages={183--187},
  year={2004},
  publisher={Springer}
}

@article{menzel1987lychee,
  title={Lychee nutrition: a review},
  author={Menzel, CM and Simpson, DR},
  journal={Scientia Horticulturae},
  volume={31},
  number={3-4},
  pages={195--224},
  year={1987},
  publisher={Elsevier}
}

@article{chu2011bilberry,
  title={Bilberry (vaccinium myrtillus L.)},
  author={Chu, Wing-kwan and Cheung, Sabrina CM and Lau, Roxanna AW and Benzie, Iris FF},
  journal={Herbal Medicine},
  volume={20115386},
  pages={55--71},
  year={2011},
  publisher={CRC Press}
}

@article{darrow1966strawberry,
  title={The Strawberry.},
  author={Darrow, George M and others},
  journal={The Strawberry.},
  year={1966},
  publisher={Holt, Rinehart and Winston New York}
}

@article{just1980tomatoes,
  title={Tomatoes, technology, and oligopsony},
  author={Just, Richard E and Chern, Wen S},
  journal={The Bell Journal of Economics},
  pages={584--602},
  year={1980},
  publisher={JSTOR}
}